<?xml version="1.0" encoding="UTF-8"?><collection xmlns="http://www.loc.gov/MARC21/slim"><record><leader>00555nam--2200205-i-4500</leader><controlfield tag="001">000012572</controlfield><controlfield tag="002">20161230</controlfield><controlfield tag="005">20161230201029</controlfield><controlfield tag="008">060222s1000------------r-----000-0-rum-d</controlfield><datafield ind1=" " ind2=" " tag="040"><subfield code="a">IFIN-HH</subfield></datafield><datafield ind1=" " ind2=" " tag="041"><subfield code="a">rum</subfield></datafield><datafield ind1=" " ind2=" " tag="080"><subfield code="a">539.18(0.027.3</subfield></datafield><datafield ind1="1" ind2=" " tag="100"><subfield code="a">Barna, Aurelia</subfield></datafield><datafield ind1="1" ind2="0" tag="245"><subfield code="a">Fizica atomilor</subfield><subfield code="c">Aurelia barna, mircea oncescu</subfield></datafield><datafield ind1=" " ind2=" " tag="260"><subfield code="a">Bucuresti</subfield><subfield code="b">Editura Stiintifica Si Enciclopedica</subfield><subfield code="c">1978</subfield></datafield><datafield ind1=" " ind2=" " tag="300"><subfield code="a">101 P</subfield></datafield><datafield ind1=" " ind2=" " tag="490"><subfield code="a">Colectia Stiinta Pentru Toti</subfield></datafield><datafield ind1="1" ind2=" " tag="700"><subfield code="a">Oncescu, Mircea</subfield></datafield><datafield ind1=" " ind2=" " tag="852"><subfield code="a">45833</subfield><subfield code="c">539.18</subfield></datafield><datafield ind1=" " ind2=" " tag="CAT"><subfield code="a">Sys</subfield><subfield code="c">20120703</subfield><subfield code="h">154836</subfield></datafield></record></collection>